<record xmlns="http://www.loc.gov/MARC21/slim" xmlns:xsi="http://www.w3.org/2001/XMLSchema-instance" xsi:schemaLocation="http://www.loc.gov/MARC21/slim http://www.loc.gov/standards/marcxml/schema/MARC21slim.xsd">

  <leader>00915nam a2200229Ia 4500</leader>
  <datafield ind1=" " ind2=" " tag="999">
    <subfield code="c">693</subfield>
    <subfield code="d">693</subfield>
  </datafield>
  <controlfield tag="008">170420b2010    cr ||||| |||| 00| | spa d</controlfield>
  <datafield ind2=" " ind1=" " tag="020">
    <subfield code="a">9789968961448</subfield>
  </datafield>
  <datafield ind2=" " ind1=" " tag="090">
    <subfield code="a">06.03.06 </subfield>
    <subfield code="b">1988</subfield>
  </datafield>
  <datafield ind1="1" ind2=" " tag="100">
    <subfield code="a">Salas Barquero, Ronald</subfield>
    <subfield code="9">2667</subfield>
  </datafield>
  <datafield tag="245" ind2="0" ind1="1">
    <subfield code="a">Desarrollo local: universidad y actores sociales / </subfield>
    <subfield code="c">Ronald Salas Barquero; Luis Gómez Ordónez; Miguel Calderón Fernández; Lourdes Rodríguez Morales; Roberto Mora Sánchez</subfield>
  </datafield>
  <datafield ind1=" " ind2=" " tag="260">
    <subfield code="a">Heredia, Costa Rica : </subfield>
    <subfield code="b">UNA. Escuela de Planificación y Promoción Social, </subfield>
    <subfield code="c">2010</subfield>
  </datafield>
  <datafield tag="300" ind2=" " ind1=" ">
    <subfield code="a">187 páginas</subfield>
  </datafield>
  <datafield ind1="1" ind2="4" tag="650">
    <subfield code="9">8</subfield>
    <subfield code="a">EDUCACIÓN SUPERIOR</subfield>
  </datafield>
  <datafield ind2="4" ind1="1" tag="650">
    <subfield code="a">DESARROLLO DE LA COMUNIDAD</subfield>
    <subfield code="9">2457</subfield>
  </datafield>
  <datafield ind1="1" ind2="4" tag="650">
    <subfield code="a">ASPECTOS SOCIALES </subfield>
    <subfield code="9">576</subfield>
  </datafield>
  <datafield ind1="1" ind2="4" tag="650">
    <subfield code="9">2668</subfield>
    <subfield code="a">COOPERACIÓN REGIONAL</subfield>
  </datafield>
  <datafield ind2=" " ind1="1" tag="700">
    <subfield code="a">Gómez Ordoñez, Luis</subfield>
    <subfield code="9">707</subfield>
  </datafield>
  <datafield ind1="1" ind2=" " tag="700">
    <subfield code="a">Calderón Fernández, Miguel</subfield>
    <subfield code="9">2671</subfield>
  </datafield>
  <datafield tag="700" ind1="1" ind2=" ">
    <subfield code="a">Rodríguez Morales, Lourdes</subfield>
    <subfield code="9">2672</subfield>
  </datafield>
  <datafield ind1="1" ind2=" " tag="700">
    <subfield code="a">Mora Sánchez, Roberto</subfield>
    <subfield code="9">2673</subfield>
  </datafield>
  <datafield ind2=" " ind1=" " tag="942">
    <subfield code="2">z</subfield>
    <subfield code="c">01</subfield>
  </datafield>
</record>